@online{Ethereum_Wikipedia,
  title = {Wikipedia, Ethereum},
  url = {https://de.wikipedia.org/wiki/Ethereum},
}

@online{Smart_Contract_Wikipedia,
  title = {Wikipedia, Smart Contract},
  url = {https://de.wikipedia.org/wiki/Smart_Contract},
}

@online{CryptoKitties,
  title = {CryptoKitties},
  url = {https://www.cryptokitties.co/},
}

@online{0xUniverse,
  title = {0xUniverse},
  url = {https://0xuniverse.com/},
}

@online{Dezentralisierte_Finanzmaerkte,
  title = {Wikipedia, Dezentralisierte Finanzm√§rkte},
  url = {https://de.wikipedia.org/wiki/Dezentralisierte_Finanzm%C3%A4rkte},
}

@online{Blocks_Solidity,
  title = {Solidity Docs, Blocks},
  url = {https://de.wikipedia.org/wiki/Dezentralisierte_Finanzm%C3%A4rkte},
}

@online{PoW_vs_PoS,
  title = {PoW vs PoS},
  url = {https://medium.com/@EdChain/pow-vs-pos-a-comparison-of-two-blockchain-consensus-algorithms-f3effdae55f5},
}

@online{Cryptocurrencies_vs_Tokens,
  title = {Cryptocurrencies vs Tokens},
  url = {https://www.gemini.com/cryptopedia/cryptocurrencies-vs-tokens-difference},
}

